@InCollection{boulic:91,
  author = 	 {J. Medau and N. Gualda},
  title = 	 {Estudo de Capacidade Associada a Nível de Serviço
  da Área de Movimentação do Aeroporto de São Paulo - 
  Congonhas por meio de Simulação Computacional.},
  booktitle = 	 {New Trends in Animation and Visualization},
  publisher =    {Conference Paper},
  year = 	 {2009},
  editor = 	 {Nicolau Dionísio Fares Gualda and João Carlos Medau}
}